<record><leader>00000cas a22000007a 4500</leader><controlfield tag="001">21062834</controlfield><controlfield tag="008">900214d19771977mouwr ne      0    0eng d</controlfield><datafield ind1=" " ind2=" " tag="010"><subfield code="a">sn 90061179 </subfield></datafield><datafield ind1=" " ind2=" " tag="040"><subfield code="a">MQN</subfield><subfield code="b">eng</subfield><subfield code="c">MQN</subfield><subfield code="d">OCLCQ</subfield></datafield><datafield ind1=" " ind2=" " tag="042"><subfield code="a">msc</subfield></datafield><datafield ind1="0" ind2="4" tag="245"><subfield code="a">The Metz times the county news.</subfield></datafield><datafield ind1="3" ind2="0" tag="246"><subfield code="a">County news</subfield></datafield><datafield ind1="3" ind2="0" tag="246"><subfield code="a">Metz times county news</subfield></datafield><datafield ind1=" " ind2=" " tag="260"><subfield code="a">Nevada, Mo. :</subfield><subfield code="b">Carl Simpson,</subfield><subfield code="c">1977.</subfield></datafield><datafield ind1=" " ind2=" " tag="300"><subfield code="a">v.</subfield></datafield><datafield ind1=" " ind2=" " tag="310"><subfield code="a">Weekly</subfield></datafield><datafield ind1="0" ind2=" " tag="362"><subfield code="a">Vol. 74, no. 36 (Sept. 23, 1977)-v. 74, no. 46 (Dec. 2, 1977).</subfield></datafield><datafield ind1=" " ind2=" " tag="500"><subfield code="a">Title presented in various ways on masthead.</subfield></datafield><datafield ind1=" " ind2=" " tag="752"><subfield code="a">United States</subfield><subfield code="b">Missouri</subfield><subfield code="c">Vernon</subfield><subfield code="d">Nevada.</subfield></datafield><datafield ind1=" " ind2=" " tag="752"><subfield code="a">United States</subfield><subfield code="b">Missouri</subfield><subfield code="c">Vernon</subfield><subfield code="d">Metz.</subfield></datafield><datafield ind1="0" ind2="0" tag="780"><subfield code="t">Metz times</subfield><subfield code="w">(DLC)sn 90061178</subfield></datafield><datafield ind1="0" ind2="0" tag="785"><subfield code="t">County news (Nevada, Mo.)</subfield><subfield code="w">(DLC)sn 90061180</subfield></datafield></record>